@book{lado-57,
       address = {Ann Arbor, Michigan},
       title = {Linguistics across cultures: applied linguistics for language teachers},
       publisher = {University of Michigan Press},
       author = {Lado, Robert},
       month = jun,
       year = {1957}
}

@inproceedings{kernighan:1990,
 year=1990,
 author={Mark D. Kernighan},
 title={A Spelling Correction Program Based on a Noisy Channel Model},
 booktitle={Proc. of COLING}
}
@ARTICLE{lbfgs,
    author = {Dong C. Liu and Jorge Nocedal and Dong C. Liu and Jorge Nocedal},
    title = {On the limited memory {B}{F}{G}{S} method for large scale optimization},
    journal = {Mathematical Programming B},
    year = {1989},
    volume = {45},
    number = {3},
    pages = {503--528}
}

@article{hayes-harb:2008,
 year=2008,
 author={Hayes-Harb, Rachel and Masuda, Kyoko},
 title={Development of the ability to lexically encode novel second language phonemic contrasts},
 journal={Second Language Research},
 volume=24,
 number=1,
 pages={5--33},
}

@article{brown:cl1992,
        author = {Brown, Peter F.  and de Souza, Peter V. and Mercer, Robert  L. and Della Pietra, Vincent J. and Lai, Jenifer C.},
        journal = {Computational Linguistics},
        number = {4},
        title = {Class-based $n$-gram models of natural language},
        volume = {18},
        year = {1992}
}

@inproceedings{owoputi:2013,
 year=2013,
 title={Improved Part-of-Speech Tagging for Online Conversational Text with Word Clusters},
 author={Olutobi Owoputi and Brendan O'Connor and Chris Dyer and Kevin Gimpel and Nathan Schneider and Noah A. Smith},
 booktitle={Proc. of NAACL},
}

@INPROCEEDINGS{koo:2008,
    author = {Terry Koo and Xavier Carreras and Michael Collins},
    title = {Simple semi-supervised dependency parsing},
    booktitle = {Proc. of ACL},
    year = {2008}
}

@inproceedings{turian:acl2010,
 year=2010,
 author={Joseph Turian and Lev Ratinov and Yoshua Bengio},
 title={Word representations: A simple and general method for semi-supervised learning},
 booktitle={Proc. of ACL},
}

@MASTERSTHESIS{Ahn-2011,
  AUTHOR =       {Charles S. Ahn},
  TITLE =        {{Automatically Detecting Authors' Native Language}},
  SCHOOL =       {Naval Postgraduate School},
  YEAR =         {2011},
  address =      {Monterey, CA},
}

@article{al-rfou2012,
  title={{Detecting English Writing Styles For Non-native Speakers}},
  author={Al-Rfou, Rami},
  journal={arXiv preprint arXiv:1211.0498},
  year={2012}
}


@InProceedings{bergsma-post-yarowsky:2012:NAACL-HLT,
  author    = {Bergsma, Shane  and  Post, Matt  and  Yarowsky, David},
  title     = {Stylometric Analysis of Scientific Articles},
  booktitle = {Proc. of NAACL-HLT},
  month     = {June},
  year      = {2012},
  address   = {Montr\'{e}al, Canada},
  publisher = {Association for Computational Linguistics},
  pages     = {327--337}
}

@TechReport{blanchard-tetreault-higgins-cahill-chodorow:2013:TOEFL11-RR,
  author = 	 {Blanchard, Daniel and Tetreault, Joel and Higgins, Derrick and Cahill, Aoife and Chodorow, Martin},
  title = 	 {{TOEFL11}: A Corpus of Non-Native {E}nglish},
  institution =  {Educational Testing Service},
  year = 	 {2013},
 
}


@inproceedings{brooke2011native,
  title={Native language detection with `cheap' learner corpora},
  author={Brooke, Julian and Hirst, Graeme},
  booktitle={Conference of Learner Corpus Research (LCR2011)},
  year={2011},
  address = {Louvain-la-Neuve, Belgium},
  publisher = {Presses universitaires de Louvain},
}


@inproceedings{BROOKE12.129.L12-1016,
    author = {Julian Brooke and Graeme Hirst},
    note = {ACL Anthology Identifier: L12-1016},
    title = {{Measuring Interlanguage: Native Language Identification with L1-influence Metrics}},
    booktitle = {Proc. of LREC-2012},
    year = {2012},
    month = {May},
    address = {Istanbul, Turkey},
    editor = {Nicoletta Calzolari and Khalid Choukri and Thierry Declerck and Mehmet U\u{g}ur Do\u{g}an and Bente Maegaard and Joseph Mariani and Jan Odijk and Stelios Piperidis},
    publisher = {European Language Resources Association (ELRA)},
    isbn = {978-2-9517408-7-7},
    language = {English},
    pages = {779--784}
    }


@InProceedings{brooke-hirst:2012:PAPERS,
  author    = {Brooke, Julian  and  Hirst, Graeme},
  title     = {{Robust, Lexicalized Native Language Identification}},
  booktitle = {Proc. of COLING 2012},
  month     = {December},
  year      = {2012},
  address   = {Mumbai, India},
  publisher = {The COLING 2012 Organizing Committee},
  pages     = {391--408}
}

@InProceedings{bykh-meurers:2012:PAPERS,
  author    = {Bykh, Serhiy  and  Meurers, Detmar},
  title     = {{Native Language Identification using Recurring $n$-grams -- Investigating Abstraction and Domain Dependence}},
  booktitle = {Proc. of COLING 2012},
  month     = {December},
  year      = {2012},
  address   = {Mumbai, India},
  publisher = {The COLING 2012 Organizing Committee},
  pages     = {425--440}
}



@inproceedings{estival2007author,
  title={Author profiling for {E}nglish emails},
  author={Estival, Dominique and Gaustad, Tanja and Pham, Son Bao and Radford, Will and Hutchinson, Ben},
  booktitle={Proc. of PACLING},
  pages={263--272},
  year={2007},
  address={Melbourne, Australia}
}


@InProceedings{estival-gaustad-pham-radford-hutchinson:2007:ALTA2007,
  author    = {Dominique Estival and Tanja Gaustad and Son Bao Pham and Will Radford and Ben Hutchinson},
  title     = {{TAT}: An Author Profiling Tool with Application to {A}rabic Emails},
  booktitle = {Proc. of the Australasian Language Technology Workshop},
  month     = {December},
  year      = {2007},
  address   = {Melbourne, Australia},
  pages     = {21--30}
}



@article{golcher2011stylometry,
  title={{Stylometry and the interplay of topic and L1 in the different annotation layers in the FALKO corpus}},
  author={Golcher, Felix and Reznicek, Marc},
  journal={Proc. of Quantitative Investigations in Theoretical Linguistics},
  volume={4},
  pages={29--34},
  year={2011}
}


@InProceedings{vanhalteren:2008:PAPERS,
  author    = {van Halteren, Hans},
  title     = {{Source Language Markers in {EUROPARL} Translations}},
  booktitle = {Proc. of Coling 2008},
  month     = {August},
  year      = {2008},
  address   = {Manchester, UK},
  publisher = {Coling 2008 Organizing Committee},
  pages     = {937--944}
}


@inproceedings{vanhalteren-oostdijk:2004:COLING,
  author    = {van Halteren, Hans and Oostdijk, Nelleke},
  title     = {{Linguistic profiling of texts for the purpose of language verification}},
  booktitle = {Proc. of Coling 2004 },
  editor = {},
  year      = 2004,
  month     = {Aug 23--Aug 27},
  address   = {Geneva, Switzerland},
  publisher = {COLING},
  pages     = {966--972}
}


@MASTERSTHESIS{kochmar2011identification,
  title={Identification of a writer's native language by error analysis},
  author={Kochmar, Ekaterina},
  year={2011},
  school={University of Cambridge}
}



@inproceedings{koppel2005determining,
  title={Determining an author's native language by mining a text for errors},
  author={Koppel, Moshe and Schler, Jonathan and Zigdon, Kfir},
  booktitle={Proc. of KDD},
  pages={624--628},
  year={2005},
  address = {Chicago, IL},
  organization={ACM}
}

@article{koppel2005automatically,
  title={Automatically determining an anonymous author's native language},
  author={Koppel, Moshe and Schler, Jonathan and Zigdon, Kfir},
  journal={Intelligence and Security Informatics},
  pages={41--76},
  year={2005},
  publisher={Springer}
}


@article{koppel2008computational,
  title={{Computational methods in authorship attribution}},
  author={Koppel, Moshe and Schler, Jonathan and Argamon, Shlomo},
  journal={Journal of the American Society for information Science and Technology},
  volume={60},
  number={1},
  pages={9--26},
  year={2008},
  publisher={Wiley Online Library}
}


@INCOLLECTION{Kotani-et-al:2009,
  AUTHOR =       {Katsunori Kotani and Takehiko Yoshimi and Takeshi Kutsumi and Ichiko Sata},
  TITLE =        {{Automatic Classification of Language Learner Sentences into Native-like or Non-Native-like Based on Word Alignment Distribution}},
  BOOKTITLE =    {{Advances in Technology, Education and Development}},
  PUBLISHER =    {InTech},
  YEAR =         {2009},
  editor =       {Wim Kouwenhoven},
  chapter =      {28},
  pages =        {451--4601},
  note =         {ISBN: 978-953-307-011-7, DOI: 10.5772/7892. Available from: http://www.intechopen.com/books/advances-in-technology-education-and-development/automatic-classification-of-language-learner-sentences-into-native-like-or-non-native-like-based-on-},
}


@InProceedings{swanson-charniak:2012:ACL2012short,
  author    = {Swanson, Benjamin  and  Charniak, Eugene},
  title     = {{Native Language Detection with Tree Substitution Grammars}},
  booktitle = {Proc. of ACL},
  month     = {July},
  year      = {2012},
  address   = {Jeju Island, Korea},
  publisher = {Association for Computational Linguistics},
  pages     = {193--197}
}



@InProceedings{tetreault-EtAl:2012:PAPERS,
  author    = {Tetreault, Joel  and  Blanchard, Daniel  and  Cahill, Aoife  and  Chodorow, Martin},
  title     = {Native Tongues, Lost and Found: Resources and Empirical Evaluations in Native Language Identification},
  booktitle = {Proc. of COLING 2012},
  month     = {December},
  year      = {2012},
  address   = {Mumbai, India},
  publisher = {The COLING 2012 Organizing Committee},
  pages     = {2585--2602}
}

@InProceedings{tetreault-blanchard-cahill:2013:BEA,
  author    = {Tetreault, Joel and Blanchard, Daniel and Cahill, Aoife},
  title     = {A Report on the First Native Language Identification Shared Task},
  booktitle = {Proc. of the Eighth Workshop on Innovative Use of NLP for Building Educational Applications},
  month     = {June},
  year      = {2013},
  address   = {Atlanta, GA, USA},
  publisher = {Association for Computational Linguistics},
}


@ARTICLE{Tofighi-et-al:2012,
  AUTHOR =       {Parham Tofighi and Cemal K{\" o}se and and Leila Rouka},
  TITLE =        {{Author's native language identification from web-based texts}},
  JOURNAL =      {International Journal of Computer and Communication Engineering},
  YEAR =         {2012},
  volume =       {1},
  number =       {1},
  pages =        {47--50},
}



@inproceedings{tomokiyo2001,
  title={{You're not from'round here, are you?: naive Bayes detection of non-native utterance text}},
  author={Tomokiyo, Laura Mayfield and Jones, Rosie},
  booktitle={Proc. of NAACL},
  pages={1--8},
  year={2001},
  address ={Pittsburgh, PA},
  organization={Association for Computational Linguistics}
}


@article{torney2012using,
  title={{Using psycholinguistic features for profiling first language of authors}},
  author={Torney, Rosemary and Vamplew, Peter and Yearwood, John},
  journal={Journal of the American Society for Information Science and Technology},
  year={2012},
  volume = {63},
  number = {6},
  pages = {1256--1269},
  publisher={Wiley Online Library}
}


@InProceedings{tsur-rappoport:2007:Cognitive-2007,
  author    = {Tsur, Oren  and  Rappoport, Ari},
  title     = {Using Classifier Features for Studying the Effect of Native Language on the Choice of Written Second Language Words},
  booktitle = {Proc. of the Workshop on Cognitive Aspects of Computational Language Acquisition},
  month     = {June},
  year      = {2007},
  address   = {Prague, Czech Republic},
  publisher = {Association for Computational Linguistics},
  pages     = {9--16}
}



@INPROCEEDINGS{Wong-Dras:2009:ALTA2009,
  author = {Wong, Sze-Meng Jojo and Mark Dras},
  title = {Contrastive Analysis and Native Language Identification},
  booktitle = {Proc. of the Australasian Language Technology Association Workshop},
  year = {2009},
  pages = {53--61},
  address = {Sydney, Australia},
  month = {December}
}


@InProceedings{wong-dras:2011:EMNLP,
  author    = {Wong, Sze-Meng Jojo  and  Dras, Mark},
  title     = {Exploiting Parse Structures for Native Language Identification},
  booktitle = {Proc. of EMNLP},
  month     = {July},
  year      = {2011},
  address   = {Edinburgh, Scotland, UK.},
  publisher = {Association for Computational Linguistics},
  pages     = {1600--1610}
}



@InProceedings{wong-dras-johnson:2012:EMNLP-CoNLL,
  author    = {Wong, Sze-Meng Jojo  and  Dras, Mark  and  Johnson, Mark},
  title     = {{Exploring Adaptor Grammars for Native Language Identification}},
  booktitle = {Proc. of EMNLP-CoNLL},
  month     = {July},
  year      = {2012},
  address   = {Jeju Island, Korea},
  publisher = {Association for Computational Linguistics},
  pages     = {699--709}
}


@InProceedings{Sze-MengJojoWongMarkDrasMarkJohnson:2011:ALTA2011,
author = {Sze-Meng Jojo Wong and Mark Dras and Mark Johnson},
title = {{Topic Modeling for Native Language Identification}},
booktitle = {Proc. of the Australasian Language Technology Association Workshop},
month     = {December},
year      = {2011},
address   = {Canberra, Australia},
pages = {115--124}
}

@book{jarvis2012approaching,
  title={{Approaching Language Transfer Through Text Classification: Explorations in the Detection-based Approach}},
  editor={Jarvis, Scott and Scott Crossley},
  volume={64},
  year={2012},
  publisher={Multilingual Matters Limited},
  address={Bristol, UK}
}

@Incollection{Jarvis:Chapter2:SLA:2012,
  author =    {Scott Jarvis and Gabriela Casta{\~ n}eda-Jim{\' e}nez and Rasmus Nielsen},
  editor =    {Scott Jarvis and Scott A. Crosley},
  booktitle = {Approaching Language Transfer through Text Classification},
  title =    {{Detecting L2 Writers' L1s on the Basis of Their Lexical Styles}},
  publisher =    {Multilingual Matters},
  year =   {2012},
  pages = {34--70},
}

@Incollection{Jarvis:Chapter3:SLA:2012,
  author =    {Scott Jarvis  and Magali Paquot},
  editor =    {Scott Jarvis and Scott A. Crosley},
  booktitle =    {{Approaching Language Transfer through Text Classification}},
  title =    {{Exploring the Role of n-Grams in L1 Identification}},
  publisher =    {Multilingual Matters},
  year =   {2012},
  pages = {71--105},
}

@Incollection{Crossley:Chapter4:SLA:2012,
  author =    {Scott A. Crossley and Danielle McNamara},
  editor =    {Scott Jarvis and Scott A. Crosley},
  booktitle =    {Approaching Language Transfer through Text Classification},
  title =    {{Detecting the First Language of Second Language Writers Using Automated Indices of Cohesion, Lexical Sophistication, Syntactic Complexity and Conceptual Knowledge}},
  publisher =    {Multilingual Matters},
  year =   {2012},
  pages = {106--126},
}

@Incollection{Bestgen:Chapter5:SLA:2012,
  author =    {Yves Bestgen and Sylviane Granger and Jennifer Thewissen},
  editor =    {Scott Jarvis and Scott A. Crosley},
  booktitle =    {Approaching Language Transfer through Text Classification},
  title =    {{Error Patterns and Automatic L1 Identification}},
  publisher =    {Multilingual Matters},
  year =   {2012},
  pages= {127--153},
}

@Incollection{Jarvis:Chapter6:SLA:2012,
  author =    {Scott Jarvis and Yves Bestgen and Scott A. Crossley and Sylviane Granger and Magali Paquot and Jennifer Thewissen and Danielle McNamara},
  editor =    {Scott Jarvis and Scott A. Crosley},
  booktitle =    {Approaching Language Transfer through Text Classification},
  title =    {{The Comparative and Combined Contributions of n-Grams, Coh-Metrix Indices and Error Types in the L1 Classification of Learner Texts}},
  publisher =    {Multilingual Matters},
  year =   {2012},
  pages = {154--177},
}

@book{swan2001learner,
  title={Learner {E}nglish: A Teacher's Guide to Interference and Other Problems},
  author={Swan, Michael and Smith, Bernard},
  isbn={9780521779395},
  series={Cambridge Handbooks for Language Teachers},
  year={2001},
  publisher={Cambridge University Press}
}

@article{joula:2006,
author = {Patrick Juola}, 
year = {2006},
title = {Authorship Attribution},
journal = {Foundations and Trends in Information Retrieval}, 
Volume = {1}, 
number ={3}, 
pages = {233-334}
}

@book{icle,
title = {International Corpus of Learner {E}nglish},
author = {Sylviane Granger and Estelle Dagneaux and Fanny Meunier and Magali Paquot},
publisher = {Presses universitaires de Louvain}, 
address = {Louvain-la-Neuve}, 
year = {2009},
ISBN = {978-2-87463-143-6},
version = {2}
}

@article{vered:noam:shuly,
author = {Vered Volansky and Noam Ordan and Shuly Wintner},
title = {On the Features of Translationese},
year = {forthcoming},
journal = {Literary and Linguistic Computing},
}

@book{Leacock:2010:AGE:1855062,
 author = {Leacock, Claudia and Chodorow, Martin and Gamon, Michael and Tetreault, Joel},
 title = {Automated Grammatical Error Detection for Language Learners},
 year = {2010},
 publisher = {Morgan and Claypool},
} 


@inproceedings{toutanova-03,
	address = {Edmonton, Canada},
	title = {Feature-rich part-of-speech tagging with a cyclic dependency network},
	booktitle = {Proc. of {HLT-NAACL}},
	publisher = {Association for Computational Linguistics},
	author = {Toutanova, Kristina and Klein, Dan and Manning, Christopher D. and Singer, Yoram},
	month = jun,
	year = {2003},
	pages = {173--180}
}

@incollection{Blum-Kulka:1986, 
        title={Shifts of Cohesion and Coherence in Translation}, 
        volume={35},                    
        booktitle={Interlingual and intercultural communication Discourse and cognition in translation and second language acquisition studies},                                
        publisher={Gunter Narr Verlag}, 
        author={Blum-Kulka, Shoshana}, 
        editor={House, Juliane and Blum-Kulka, Shoshana}, 
        year={1986}, 
        pages={17--35}
}


@InProceedings{koppel-ordan:2011:ACL-HLT2011,
 author    = {Koppel, Moshe  and  Ordan, Noam},
 title     = {Translationese and Its Dialects},
 booktitle = {Proc. of ACL-HLT},
 month     = {June},
 year      = {2011},
 address   = {Portland, Oregon, USA},
 publisher = {Association for Computational Linguistics},
 pages     = {1318--1326}
}

@inproceedings{stolcke02srilm,
        Author = {Andreas Stolcke},
        Booktitle = {Procedings of International Conference on Spoken Language Processing},
        Date-Added = {2011-05-02 16:09:46 +0300},
        Date-Modified = {2011-05-02 18:47:54 +0300},
        Pages = {901-904},
        Title = {{SRILM}---an extensible language modeling toolkit},
        Year = {2002},
}

@article{Selinker1972,
author = "Selinker, Larry",
journal = "International Review of Applied Linguistics in Language Teaching",
number = "1--4",
pages = "209--232",
title = "{Interlanguage}",
volume = 10,
year = 1972}


@ARTICLE{Halverson:2003,
  author = {Halverson, Sandra},
  title = {The cognitive basis of translation universals},
  journal = {Target},
  year = {2003},
  volume = {15},
  pages = {197-241},
  number = {2},   
  publisher = {John Benjamins}
}


@incollection{Gellerstam:1986,
	Address = {Lund},
	Author = {Gellerstam, Martin},
	Booktitle = {Translation Studies in {S}candinavia},
	Date-Added = {2011-05-02 16:09:46 +0300},
	Date-Modified = {2011-05-02 16:09:46 +0300},
	Editor = {Lars Wollin and Hans Lindquist},
	Pages = {88-95},
	Publisher = {CWK Gleerup},
	Title = {Translationese in {S}wedish novels translated from {E}nglish},
	Year = {1986}}

@book{Toury:1995,
        Address = {Amsterdam / Philadelphia},
        Author = {Toury, Gideon},
        Date-Added = {2011-05-02 16:09:46 +0300},
        Date-Modified = {2011-05-02 16:09:46 +0300},
        Publisher = {John Benjamins},
        Title = {Descriptive Translation Studies and beyond},
        Year = {1995}}
